 @article{fair_washing,
	title = {Fairwashing: the {R}isk of {R}ationalization},
	author = {A{\"\i}vodji, Ulrich and Arai, Hiromi and Fortineau, Olivier and Gambs, S{\'e}bastien and Hara, Satoshi and Tapp, Alain},
	journal = {arXiv preprint arXiv:1901.09749},
	year = {2019}, 
	note = {URL: \url{https://arxiv.org/pdf/1901.09749.pdf}}}

@inproceedings{gender_shades,
	title={Gender {S}hades: {I}ntersectional {A}ccuracy {D}isparities in {C}ommercial {G}ender {C}lassification},
	author={Buolamwini, Joy and Gebru, Timnit},
	booktitle={Conference on Fairness, Accountability and Transparency},
	pages={77--91},
	year={2018},
	note={URL: \url{http://proceedings.mlr.press/v81/buolamwini18a/buolamwini18a.pdf}}}

@article{hall2019guidelines,
  	title={Guidelines for the {R}esponsible {U}se of {E}xplainable {M}achine {L}earning},
  	author={Hall, Patrick and Navdeep Gill and Nicholas Schmidt},
  	journal={arXiv preprint arXiv:1906.03533},
  	year={2019},
	note={URL: \url{https://arxiv.org/pdf/1906.03533.pdf}}}

@article{kamiran2012data,
	title={Data {P}reprocessing {T}echniques for {C}lassification {W}ithout {D}iscrimination},
	author={Kamiran, Faisal and Calders, Toon},
 	journal={Knowledge and Information Systems},
	volume={33},
	number={1},
	pages={1--33},
	year={2012},
	publisher={Springer},
	note={URL: \url{https://bit.ly/2lH95lQ}}}
	
@inproceedings{kamiran2012decision,
	title={Decision {T}heory for {D}iscrimination-aware {C}lassification},
	author={Kamiran, Faisal and Karim, Asim and Zhang, Xiangliang},
	booktitle={2012 IEEE 12th International Conference on Data Mining},
	pages={924--929},
	year={2012},
	organization={IEEE}, 
	note={URL: \url{http://citeseerx.ist.psu.edu/viewdoc/download?doi=10.1.1.722.3030&rep=rep1&type=pdf}}}

@misc{kangdebugging,
  	title={Debugging {M}achine {L}earning {M}odels via {M}odel {A}ssertions},
  	author={Kang, Daniel and Raghavan, Deepti and Bailis, Peter and Zaharia, Matei},
	year={2019},
	note={URL: \url{https://www-cs.stanford.edu/~matei/papers/2018/mlsys_model_assertions.pdf}}}

@article{obermeyer2019dissecting,
	title={Dissecting {R}acial {B}ias in an {A}lgorithm {U}sed to {M}anage the {H}ealth of {P}opulations},
	author={Obermeyer, Ziad and Powers, Brian and Vogeli, Christine and Mullainathan, Sendhil},
	journal={Science},
	volume={366},
	number={6464},
	pages={447--453},
	year={2019},
	publisher={American Association for the Advancement of Science},
	note={URL: \url{https://bit.ly/36XK6yk}}}

@article{scaffolding,
	title={How {C}an {W}e {F}ool {L}{I}{M}{E} and {S}{H}{A}{P}? {A}dversarial {A}ttacks on {P}ost-hoc {E}xplanation {M}ethods},
	author={Slack, Dylan and Hilgard, Sophie and Jia, Emily and Singh, Sameer and Lakkaraju, Himabindu},
	journal={arXiv preprint arXiv:1911.02508},
	year={2019},
	note={URL: \url{https://arxiv.org/pdf/1911.02508.pdf}}}

@inproceedings{zemel2013learning,
	title={Learning {F}air {R}epresentations},
	author={Zemel, Rich and Wu, Yu and Swersky, Kevin and Pitassi, Toni and Dwork, Cynthia},
	booktitle={International Conference on Machine Learning},
	pages={325--333},
	year={2013},
	note={URL: \url{http://proceedings.mlr.press/v28/zemel13.pdf}}}

@inproceedings{zhang2018mitigating,
	title={Mitigating {U}nwanted {B}iases with {A}dversarial {L}earning},
	author={Zhang, Brian Hu and Lemoine, Blake and Mitchell, Margaret},
	booktitle={Proceedings of the 2018 AAAI/ACM Conference on AI, Ethics, and Society},
	pages={335--340},
	year={2018},
	organization={ACM},
	note={URL: \url{https://arxiv.org/pdf/1801.07593.pdf}}}
	
@article{schwartz2022towards,
  title={Towards a {S}tandard for {I}dentifying and {M}anaging {B}ias in {A}rtificial {I}ntelligence},
  author={Schwartz, Reva and Vassilev, Apostol and Greene, Kristen and Perine, Lori and Burt, Andrew and Hall, Patrick},
  journal={NIST Special Publication},
  volume={1270},
  pages={1--77},
  year={2022},
  note={URL: \url{https://nvlpubs.nist.gov/nistpubs/SpecialPublications/NIST.SP.1270.pdf}}
}
	
