@article{broniatowski2021psychological,
	title={Psychological {F}oundations of {E}xplainability and {I}nterpretability in {A}rtificial {I}ntelligence},
	author={Broniatowski, David A.},
	year={2021},
	publisher={NIST Interagency/Internal Report (NISTIR), National Institute of Standards~â€¦},
	note={URL: \url{https://tsapps.nist.gov/publication/get_pdf.cfm?pub_id=931426}}}

@article{caruana2004kdd,
	title={{KDD} {C}up 2004: {R}esults and {A}nalysis},
	author={Caruana, Rich and Joachims, Thorsten and Backstrom, Lars},
	journal={ACM SIGKDD Explorations Newsletter},
	volume={6},
	number={2},
	pages={95--108},
	year={2004},
	publisher={ACM New York, NY, USA},
	note={URL: \url{https://www.cs.cornell.edu/people/tj/publications/caruana_etal_04a.pdf}}}

@inproceedings{this_looks_like_that,
	title={{T}his {L}ooks {L}ike {T}hat: {D}eep {L}earning for {I}nterpretable {I}mage {R}ecognition},
	author={Chaofan Chen and Oscar Li and Alina Barnett and Jonathan Su and Cynthia Rudin},
	booktitle={Proceedings of Neural Information Processing Systems {(NeurIPS)}},
	year={2019},
	note={URL: \url{https://arxiv.org/pdf/1806.10574.pdf}}}

@article{been_kim1,
	Author={Finale Doshi-Velez and Been Kim},
	Title={Towards a {R}igorous {S}cience of {I}nterpretable {M}achine {L}earning},
	Journal={arXiv preprint arXiv:1702.08608},
	note={URL: \url{https://arxiv.org/pdf/1702.08608.pdf}},
	Year={2017}}

@book{esl,
	Address={New York},
	Author={Jerome Friedman and Trevor Hastie and Robert Tibshirani},
	Booktitle={\textit{The Elements of Statistical Learning}},
	Publisher={Springer},
	Title={\textbf{The Elements of Statistical Learning}},
	note={URL: \url{https://web.stanford.edu/~hastie/ElemStatLearn/printings/ESLII\_print12.pdf}},
	Year={2001}}

@article{rulefit,
	title={Predictive {L}earning {V}ia {R}ule {E}nsembles},
	author={Friedman, Jerome H. and Popescu, Bogdan E. and others},
	journal={The Annals of Applied Statistics},
	volume={2},
	number={3},
	pages={916--954},
	year={2008},
	publisher={Institute of Mathematical Statistics},
	note={URL: \url{https://projecteuclid.org/download/pdfview_1/euclid.aoas/1223908046}}}

@article{rml_workflow,
	title={A {R}esponsible {M}achine {L}earning {W}orkflow with {F}ocus on {I}nterpretable {M}odels, {P}ost-hoc {E}xplanation, and {D}iscrimination {T}esting},
	author={Gill, Navdeep and Hall, Patrick and Montgomery, Kim and Schmidt, Nicholas},
	journal={Information},
	volume={11},
	number={3},
	pages={137},
	year={2020},
	publisher={Multidisciplinary Digital Publishing Institute}, 
	note={URL: \url{https://www.mdpi.com/2078-2489/11/3/137}}}

@article{ice_plots,
	Author={Alex Goldstein and Adam Kapelner and Justin Bleich and Emil Pitkin},
	Journal={Journal of Computational and Graphical Statistics},
	Number={1},
	Title={Peeking {I}nside the {B}lack {B}ox: {V}isualizing {S}tatistical {L}earning with {P}lots of {I}ndividual {C}onditional {E}xpectation},
	Volume={24},
	Year={2015},
	note={URL: \url{https://arxiv.org/pdf/1309.6392.pdf}}}

@article{osdt,
	title={Optimal {S}parse {D}ecision {T}rees},
	author={Hu, Xiyang and Rudin, Cynthia and Seltzer, Margo},
	journal={arXiv preprint arXiv:1904.12847},
	year={2019},
	note={URL: \url{https://arxiv.org/pdf/1904.12847.pdf}}}

@inproceedings{ga2m,
	title={Accurate {I}ntelligible {M}odels with {P}airwise {I}nteractions},
	author={Lou, Yin and Caruana, Rich and Gehrke, Johannes and Hooker, Giles},
	booktitle={Proceedings of the 19th ACM SIGKDD International Conference on Knowledge Discovery and Data Mining},
	pages={623--631},
	year={2013},
	organization={ACM},
	note={URL: \url{http://citeseerx.ist.psu.edu/viewdoc/download?doi=10.1.1.352.7682&rep=rep1&type=pdf}}}

@incollection{shapley,
	title={A {U}nified {A}pproach to {I}nterpreting {M}odel {P}redictions},
	author={Lundberg, Scott M. and Lee, Su-In},
	booktitle={Advances in Neural Information Processing Systems 30},
	editor={I. Guyon and U. V. Luxburg and S. Bengio and H. Wallach and R. Fergus and S. Vishwanathan and R. Garnett},
	pages={4765--4774},
	year={2017},
	publisher={Curran Associates, Inc.},
	note={URL: \url{http://papers.nips.cc/paper/7062-a-unified-approach-to-interpreting-model-predictions.pdf}}}

@inproceedings{model_cards,
	title={Model {C}ards for {M}odel {R}eporting},
	author={Mitchell, Margaret and Wu, Simone and Zaldivar, Andrew and Barnes, Parker and Vasserman, Lucy and Hutchinson, Ben and Spitzer, Elena and Raji, Inioluwa Deborah and Gebru, Timnit},
	booktitle={Proceedings of the Conference on Fairness, Accountability, and Transparency},
	pages={220--229},
	year={2019},
	note={URL: \url{https://arxiv.org/pdf/1810.03993.pdf}}}

@article{sudjianto2021designing,
	title={Designing {I}nherently {I}nterpretable {M}achine {L}earning {M}odels},
	author={Sudjianto, Agus and Zhang, Aijun},
	journal={arXiv preprint arXiv:2111.01743},
	year={2021},
	note={URL: \url{https://arxiv.org/pdf/2111.01743.pdf}}
}

@article{slim,
	Author={Ustun, Berk and Rudin, Cynthia},
	Journal={Machine Learning},
	Number={3},
	Pages={349--391},
	Publisher={Springer},
	Title={{Supersparse {L}inear {I}nteger {M}odels for {O}ptimized {M}edical {S}coring {S}ystems}},
	Volume={102},
	note={URL: \url{https://users.cs.duke.edu/~cynthia/docs/UstunTrRuAAAI13.pdf}},
	Year={2016}}

@article{wf_xnn,
	title={Explainable {N}eural {N}etworks {B}ased on {A}dditive {I}ndex {M}odels},
	author={Vaughan, Joel and Sudjianto, Agus and Brahimi, Erind and Chen, Jie and Nair, Vijayan N.},
	journal={arXiv preprint arXiv:1806.01933},
	note={URL: \url{https://arxiv.org/pdf/1806.01933.pdf}},
	year={2018}}

@inproceedings{sbrl,
  title={Scalable {B}ayesian {R}ule {L}ists},
  author={Hongyu Yang and Cynthia Rudin and Margo Seltzer},
  booktitle={Proceedings of the 34th International Conference on Machine Learning {(ICML)}},
  note={URL: \url{https://arxiv.org/pdf/1602.08610.pdf}},
  year={2017}}


%-------------------------------------------------------------------------------

@article{lattice,
	title={Monotonic {C}alibrated {I}nterpolated {L}ookup {T}ables},
	author={Gupta, Maya and Cotter, Andrew and Pfeifer, Jan and Voevodski, Konstantin and Canini, Kevin and Mangylov, Alexander and Moczydlowski, Wojciech and Van Esbroeck, Alexander},
	journal={The Journal of Machine Learning Research},
	volume={17},
	number={1},
	pages={3790--3836},
	year={2016},
	publisher={JMLR. org},
	note={URL: \url{http://www.jmlr.org/papers/volume17/15-243/15-243.pdf}}}

